@ARTICLE{welling:2011,
   author = {{Welling}, D.~T. and {Jordanova}, V.~K. and {Zaharia}, S.~G.
             and {Glocer}, A. and {Toth}, G.},
    title = "{The effects of dynamic ionospheric outflow on the ring current}",
  journal = {Journal of Geophysical Research (Space Physics)},
     year = 2011,
    month = mar,
   volume = {116},
       doi = {10.1029/2010JA015642}
}

@ARTICLE{welling:2010c,
   author = {{Welling}, D.~T.},
    title = "{The long-term effects of space weather on satellite operations}",
  journal = {Annales Geophysicae},
     year = 2010,
    month = jun,
   volume = 28,
    pages = {1361-1367},
      doi = {10.5194/angeo-28-1361-2010}
}

@ARTICLE{dungey1961,
   author = {{Dungey}, J.~W.},
    title = "{Interplanetary magnetic field and the auroral zones}",
  journal = {Phys. Rev. Lett.},
     year = 1961,
   volume = "6:47"
}

@ARTICLE{axford1961,
   author = {{Axford}, W.~I. and {Hines}, C.~O.},
    title = "{A unifying theory of high-latitude geophysical phenomena and geomagnetic storms}",
  journal = {Can. J. Phys./Rev.},
     year = 1961,
   volume = "39(10)",
    pages = {1433-1464}
}

@article{Parker:1960,
  author = "E. N. Parker",
  title = "The Hydrodynamic Treatment of the Expanding Solar Corona",
  journal = APJ,
  volume = 132,
  number = 1,
  pages = {175--183},
  month = jul,
  year = 1960}
