@book{Mathews2004,
address = {Upper Saddle River, NJ},
author = {Mathews, John H. and Fink, Kurtis K},
edition = {4th},
isbn = {0130652482},
pages = {696},
publisher = {Pearson},
title = {{Numerical Methods Using Matlab}},
year = {2004}
}
